@inproceedings{tomasi1998bilateral,
  title={Bilateral filtering for gray and color images},
  author={Tomasi, Carlo and Manduchi, Roberto},
  booktitle={Computer Vision, 1998. Sixth International Conference on},
  pages={839--846},
  year={1998},
  organization={IEEE}
}

@article{perona1990scale,
  title={Scale-space and edge detection using anisotropic diffusion},
  author={Perona, Pietro and Malik, Jitendra},
  journal={IEEE Transactions on pattern analysis and machine intelligence},
  volume={12},
  number={7},
  pages={629--639},
  year={1990},
  publisher={IEEE}
}

@article{barash2002fundamental,
  title={Fundamental relationship between bilateral filtering, adaptive smoothing, and the nonlinear diffusion equation},
  author={Barash, Danny},
  journal={IEEE Transactions on Pattern Analysis and Machine Intelligence},
  volume={24},
  number={6},
  pages={844--847},
  year={2002},
  publisher={IEEE}
}

@book{burger2009principles,
  title={Principles of digital image processing},
  author={Burger, Wilhelm and Burge, Mark James},
  year={2009},
  publisher={Springer}
}

@book{weickert1998anisotropic,
  title={Anisotropic diffusion in image processing},
  author={Weickert, Joachim},
  volume={1},
  year={1998},
  publisher={Teubner Stuttgart}
}